@online{bigopy,
  title={TimeComplexity},
  url={https://wiki.python.org/moin/TimeComplexity},
  urldate={2017-11-26}
}
