@online{bigopy,
  title={TimeComplexity},
  url={https://wiki.python.org/moin/TimeComplexity},
  urldate={2017-11-26}
}

@article{ullmann,
  title={An Algorithm for Subgraph Isomorphism},
  author={Julian R. Ullmann},
  journaltitle={Journal of the ACM},
  volume={23},
  number={1},
  pages={31--42},
  doi={10.1145/321921.321925},
  month={January},
  year={1976}
}

@article{fbgraph,
  title={Learning to Discover Social Circles in Ego Networks},
  author={J. McAuley and J. Leskovec},
  journaltitle={NIPS},
  url={https://snap.stanford.edu/data/egonets-Facebook.html},
  urldate={2017-11-26},
  year={2012}
}

@online{pyiso,
  title={How to partially compare two graphs},
  author={Vaughn Cato},
  editor={Spiros Eliopoulos},
  url={https://stackoverflow.com/a/13537776},
  urldate={2017-11-26},
  date={2012-11-24}
}

@article{bonnici,
  title={An Algorithm for Subgraph Isomorphism},
  author={Bonnici and V., Giugno and R. and Pulvirenti, A. and Shasha, D. and Ferro, A.},
  journaltitle={BMC Bioinformatics},
  volume={14(Suppl 7)},
  number={13},
  doi={10.1186/1471-2105-14-S7-S13},
  month={April},
  year={2013}
}

@article{cordella,
  title={A (Sub)Graph Isomorphism Algorithm for
Matching Large Graphs},
  author={Luigi P. Cordella and Pasquale Foggia and Carlo Sansone
and Mario Vento},
  journaltitle={IEEE Transactions on Pattern Analysis \& Machine Intelligence},
  volume={26},
  number={10},
  doi={10.1109/TPAMI.2004.75 },
  month={October},
  year={2004}
}
